<?xml version="1.0" encoding="UTF-8"?><collection xmlns="http://www.loc.gov/MARC21/slim"><record><leader>00457nam--2200169-i-4500</leader><controlfield tag="001">000008780</controlfield><controlfield tag="002">20161230</controlfield><controlfield tag="005">20161230201027</controlfield><controlfield tag="008">060222s1000------------r-----000-0-eng-d</controlfield><datafield ind1=" " ind2=" " tag="040"><subfield code="a">IFIN-HH</subfield></datafield><datafield ind1=" " ind2=" " tag="080"><subfield code="a">53:531:534:537:539.1</subfield></datafield><datafield ind1="1" ind2=" " tag="100"><subfield code="a">Bolton, W</subfield></datafield><datafield ind1="1" ind2="0" tag="245"><subfield code="a">Physics experiments and projects 2. waves and particle</subfield><subfield code="c">W. bolton</subfield></datafield><datafield ind1=" " ind2=" " tag="260"><subfield code="a">Oxford</subfield><subfield code="b">Pergamon Press</subfield><subfield code="c">1968</subfield></datafield><datafield ind1=" " ind2=" " tag="300"><subfield code="a">XVI + 97 P</subfield></datafield><datafield ind1=" " ind2=" " tag="852"><subfield code="a">30269</subfield><subfield code="c">53.08</subfield></datafield><datafield ind1=" " ind2=" " tag="CAT"><subfield code="a">Sys</subfield><subfield code="c">20151028</subfield><subfield code="h">134106</subfield></datafield></record></collection>